%
%   参考文献リスト (SHシリーズ用)
%
%


@MANUAL{SH:MANUAL:CCompiler,
    TITLE = "『SuperH RISC engineファミリ Cコンパイラ編』",
    ORGANIZATION = "株式会社 日立製作所 半導体事業部",
    EDITION = "株式会社 日立マイコンシステム 技術ドキュメントセンタ",
    YEAR = 1996,
    MONTH = "Jan"
}

@MANUAL{SH1SH2:MANUAL:Program,
    TITLE = "『SH1/SH2 プログラミングマニュアル』",
    ORGANIZATION = "株式会社 日立製作所 半導体事業部",
    EDITION = "株式会社 日立マイコンシステム 技術情報センタ",
    YEAR = 1996,
    MONTH = "Aug"
}


